<?xml version="1.0" encoding="UTF-8"?><collection xmlns="http://www.loc.gov/MARC21/slim"><record><leader>00571nam--2200193-u-4500</leader><controlfield tag="001">000053136</controlfield><controlfield tag="002">20161230</controlfield><controlfield tag="005">20170102211836</controlfield><controlfield tag="008">110106s1000------------r-----000-0-rum-d</controlfield><datafield ind1=" " ind2=" " tag="040"><subfield code="a">IFIN-HH</subfield></datafield><datafield ind1=" " ind2=" " tag="041"><subfield code="a">rum</subfield></datafield><datafield ind1=" " ind2=" " tag="080"><subfield code="a">539.12</subfield></datafield><datafield ind1="1" ind2=" " tag="100"><subfield code="a">Alexa, Calin</subfield></datafield><datafield ind1="1" ind2="0" tag="245"><subfield code="a">Aplicatii ale cromodinamicii cuantice in studiul interactiilor nucleare ultrarelativiste</subfield><subfield code="b">Tezumatul tezei</subfield><subfield code="c">Calin Alexa</subfield></datafield><datafield ind1=" " ind2=" " tag="260"><subfield code="a">Bucuresti</subfield><subfield code="b">Ifa</subfield><subfield code="c">1999</subfield></datafield><datafield ind1=" " ind2=" " tag="300"><subfield code="a">25 p</subfield></datafield><datafield ind1=" " ind2=" " tag="502"><subfield code="a">Conducator Stiintific: Prof. Dr. Mihai Visinescu</subfield></datafield><datafield ind1=" " ind2=" " tag="852"><subfield code="a">81102</subfield><subfield code="c">539.12</subfield></datafield><datafield ind1=" " ind2=" " tag="CAT"><subfield code="a">SYS</subfield><subfield code="c">20170102</subfield><subfield code="h">211836</subfield></datafield></record></collection>